<record><leader>00000cas a2200000 a 4500</leader><controlfield tag="001">1752422</controlfield><controlfield tag="007">hd afv---baca</controlfield><controlfield tag="008">751101d18361854dcuwr nea     0    0eng d</controlfield><datafield ind1=" " ind2=" " tag="010"><subfield code="a">sf 88090177 </subfield></datafield><datafield ind1=" " ind2=" " tag="040"><subfield code="a">MUL</subfield><subfield code="b">eng</subfield><subfield code="c">MUL</subfield><subfield code="d">PES</subfield><subfield code="d">DLC</subfield><subfield code="d">NST</subfield><subfield code="d">FUG</subfield><subfield code="d">OCL</subfield><subfield code="d">OCLCQ</subfield><subfield code="d">OCLCG</subfield><subfield code="d">BUF</subfield><subfield code="d">OCLCF</subfield><subfield code="d">OCLCO</subfield><subfield code="d">OCLCQ</subfield><subfield code="d">OCLCA</subfield></datafield><datafield ind1=" " ind2=" " tag="012"><subfield code="i">8908</subfield></datafield><datafield ind1=" " ind2=" " tag="042"><subfield code="a">msc</subfield></datafield><datafield ind1=" " ind2=" " tag="043"><subfield code="a">n-us-dc</subfield></datafield><datafield ind1="0" ind2="0" tag="050"><subfield code="a">Microfilm 01104 no. 935-937 AP</subfield></datafield><datafield ind1="1" ind2="4" tag="050"><subfield code="a">AP2</subfield><subfield code="b">.A64</subfield></datafield><datafield ind1="0" ind2="4" tag="082"><subfield code="a">051</subfield><subfield code="b">A51p2</subfield></datafield><datafield ind1="0" ind2="4" tag="245"><subfield code="a">The Huntress.</subfield></datafield><datafield ind1=" " ind2=" " tag="260"><subfield code="a">Washington City :</subfield><subfield code="b">Mrs. Anne Royall,</subfield><subfield code="c">1836-1854.</subfield></datafield><datafield ind1=" " ind2=" " tag="300"><subfield code="a">18 volumes</subfield></datafield><datafield ind1=" " ind2=" " tag="310"><subfield code="a">Weekly</subfield></datafield><datafield ind1=" " ind2=" " tag="336"><subfield code="a">text</subfield><subfield code="b">txt</subfield><subfield code="2">rdacontent</subfield></datafield><datafield ind1=" " ind2=" " tag="337"><subfield code="a">microform</subfield><subfield code="b">h</subfield><subfield code="2">rdamedia</subfield></datafield><datafield ind1=" " ind2=" " tag="338"><subfield code="a">microfilm reel</subfield><subfield code="b">hd</subfield><subfield code="2">rdacarrier</subfield></datafield><datafield ind1="0" ind2=" " tag="362"><subfield code="a">Vol. 1, no. 1 (Dec. 2, 1836)-v. 17, no. 11 (May 27, 1854) ; new ser., v. 1, no. 1 (June 24, 1854)-v. 1, no. 3 (July 24, 1854).</subfield></datafield><datafield ind1=" " ind2=" " tag="500"><subfield code="a">Title from caption.</subfield></datafield><datafield ind1=" " ind2=" " tag="500"><subfield code="a">Anne Royall, editor.</subfield></datafield><datafield ind1=" " ind2=" " tag="515"><subfield code="a">Beginning with vol. 12, many issues are misnumbered. The following issues are lacking from this film. Vol. 9: Feb. 29, Mar. 1, July 5, Aug. 23-30, Sept. 6, Nov. 1, 1845; and Jan. 1, 1846. Vol. 10: June 20, 1846. Vol. 11: Mar. 6, Aug. 28, Oct. 23, Dec. 11, 1847. Vol. 12 Jan. 22, July 15, Dec. 2, 1848; Jan. 20, 1849. Vol. 13: Mar. 10, June 30, Oct. 13, Nov. 17, 1849. Vol. 14: May 11, June 15, July 13, Nov. 9, 1850; May 17, June 1851. Vol. 15: June 5, Sept. 4, 1852. Vol. 16: Mar. 19, Oct. 1, 1853. Vol. 17: Mar. 11, 1854.</subfield></datafield><datafield ind1=" " ind2=" " tag="533"><subfield code="a">Microfilm.</subfield><subfield code="b">Ann Arbor, Mich. :</subfield><subfield code="c">University Microfilms.</subfield><subfield code="e">3 microfilm reels ; 35 mm.</subfield><subfield code="f">(American periodical series, 1800-1850 ; 935-937).</subfield></datafield><datafield ind1=" " ind2="0" tag="651"><subfield code="a">Washington (D.C.)</subfield><subfield code="v">Newspapers.</subfield></datafield><datafield ind1=" " ind2="7" tag="651"><subfield code="a">Washington (D.C.)</subfield><subfield code="2">fast</subfield><subfield code="0">(OCoLC)fst01204505</subfield></datafield><datafield ind1=" " ind2="7" tag="655"><subfield code="a">Newspapers.</subfield><subfield code="2">fast</subfield><subfield code="0">(OCoLC)fst01423814</subfield></datafield><datafield ind1="1" ind2=" " tag="700"><subfield code="a">Royall, Anne Newport,</subfield><subfield code="d">1769-1854.</subfield></datafield><datafield ind1=" " ind2=" " tag="752"><subfield code="a">United States</subfield><subfield code="b">District of Columbia</subfield><subfield code="d">Washington.</subfield></datafield><datafield ind1="1" ind2=" " tag="776"><subfield code="c">Original</subfield><subfield code="w">(DLC)sn 84026742</subfield><subfield code="w">(OCoLC)10613990</subfield></datafield><datafield ind1="0" ind2="1" tag="780"><subfield code="t">Paul Pry</subfield></datafield><datafield ind1=" " ind2="0" tag="830"><subfield code="a">American periodical series, 1800-1850 ;</subfield><subfield code="v">935-937.</subfield></datafield><datafield ind1=" " ind2=" " tag="850"><subfield code="a">DLC</subfield><subfield code="a">FU</subfield><subfield code="a">IaAS</subfield><subfield code="a">InLP</subfield></datafield><datafield ind1="1" ind2=" " tag="029"><subfield code="a">AU@</subfield><subfield code="b">000020128476</subfield></datafield></record>